<?xml version="1.0" encoding="UTF-8"?><record xmlns="http://www.loc.gov/MARC21/slim" xmlns:cinclude="http://apache.org/cocoon/include/1.0" xmlns:zs="http://www.loc.gov/zing/srw/">
  <leader>00365nz  a2200121n  4500</leader>
  <controlfield tag="001">nr 90000161 </controlfield>
  <controlfield tag="003">DLC</controlfield>
  <controlfield tag="005">19900109055908.1</controlfield>
  <controlfield tag="008">900105n| acannaab|          |n aaa     c</controlfield>
  <datafield tag="010" ind1=" " ind2=" ">
    <subfield code="a">nr 90000161 </subfield>
  </datafield>
  <datafield tag="040" ind1=" " ind2=" ">
    <subfield code="a">NjP</subfield>
    <subfield code="c">NjP</subfield>
  </datafield>
  <datafield tag="100" ind1="1" ind2="0">
    <subfield code="a">BrandaĚo, Carlos Cal,</subfield>
    <subfield code="d">1906-1973</subfield>
  </datafield>
  <datafield tag="670" ind1=" " ind2=" ">
    <subfield code="a">His Funo, guerra em Timor, 1988?:</subfield>
    <subfield code="b">t.p. (Carlos Cal BrandaĚo) p. 4 of cover (b. 1906; d. 1973)</subfield>
  </datafield>
</record>